@article{Marzetta2010,
author = {Marzetta, Thomas L},
doi = {10.1109/TWC.2010.092810.091092},
file = {:C$\backslash$:/Users/cryga/Documents/Universit{\`{a}}/Magistrale/5G Systems/Pilot contamination/12{\_}Marzetta.pdf:pdf},
journal = {IEEE Transactions on Wireless Communications},
number = {11},
pages = {3590--3600},
publisher = {IEEE},
title = {{Noncooperative Cellular Wireless with Unlimited Numbers of Base Station Antennas}},
volume = {9},
year = {2010}
}

@article{Elijah2016,
author = {Elijah, Olakunle and Member, Student and Leow, Chee Yen and Rahman, Tharek Abdul and Nunoo, Solomon and Iliya, Solomon Zakwoi},
doi = {10.1109/COMST.2015.2504379},
file = {:C$\backslash$:/Users/cryga/Documents/Universit{\`{a}}/Magistrale/5G Systems/Pilot contamination/A comprehensive survey of Pilot contamination in massive MIMO - 5G systems.pdf:pdf},
journal = {IEEE Communications Surveys {\&} Tutorials},
number = {2},
pages = {905--923},
publisher = {IEEE},
title = {{A Comprehensive Survey of Pilot Contamination in Massive MIMO â€” 5G System}},
volume = {18},
year = {2016}
}
